<?xml version="1.0" encoding="UTF-8"?><collection xmlns="http://www.loc.gov/MARC21/slim"><record><leader>00622nam--2200181-i-4500</leader><controlfield tag="001">000037908</controlfield><controlfield tag="002">20161230</controlfield><controlfield tag="005">20161230201041</controlfield><controlfield tag="008">060222s1000------------r-----000-0-eng-d</controlfield><datafield ind1=" " ind2=" " tag="040"><subfield code="a">IFIN-HH</subfield></datafield><datafield ind1=" " ind2=" " tag="080"><subfield code="a">533.6.011.8</subfield></datafield><datafield ind1="1" ind2=" " tag="100"><subfield code="a">Laurmann, J.A</subfield></datafield><datafield ind1="1" ind2="0" tag="245"><subfield code="a">Rarefied gas dynamics</subfield><subfield code="b">Proceedings of the Third International Symposium on Rerefied Gas Dynamics, Held at the Palais de L'Unoesco, Paris, in 1962. Supplement 2. Volume I</subfield><subfield code="c">J.A. LAURMANN (Ed.)</subfield></datafield><datafield ind1=" " ind2=" " tag="260"><subfield code="a">New York, Acad.Press, 1963,</subfield></datafield><datafield ind1=" " ind2=" " tag="300"><subfield code="a">XVI + 541P</subfield></datafield><datafield ind1=" " ind2=" " tag="490"><subfield code="a">Advances in Applied Mechanics</subfield></datafield><datafield ind1=" " ind2=" " tag="852"><subfield code="a">19792</subfield><subfield code="c">533.7</subfield></datafield><datafield ind1=" " ind2=" " tag="CAT"><subfield code="a">Sys</subfield><subfield code="c">20100915</subfield><subfield code="h">113833</subfield></datafield></record></collection>